<?xml version="1.0" encoding="UTF-8"?><collection xmlns="http://www.loc.gov/MARC21/slim"><record><leader>00679nam--2200181-i-4500</leader><controlfield tag="001">000010779</controlfield><controlfield tag="002">20161230</controlfield><controlfield tag="005">20161230201028</controlfield><controlfield tag="008">060222s1000------------r-----000-0-eng-d</controlfield><datafield ind1=" " ind2=" " tag="040"><subfield code="a">FIIN-HH</subfield></datafield><datafield ind1=" " ind2=" " tag="080"><subfield code="a">539.163.3(061.3)</subfield></datafield><datafield ind1="1" ind2=" " tag="100"><subfield code="a">Krugten, Hans Von</subfield></datafield><datafield ind1="1" ind2="0" tag="245"><subfield code="a">Angular correlations in nuclear disintegration</subfield><subfield code="b">Proceedings of the international con- ference on angular correlations in nuclear disintegration. delft, the netherlands, aug. 17-22, 1970</subfield><subfield code="c">Hans van krugten, bob van nooijen (eds.)</subfield></datafield><datafield ind1=" " ind2=" " tag="260"><subfield code="a">Groningen</subfield><subfield code="b">Rotterdam University Press</subfield><subfield code="c">1971</subfield></datafield><datafield ind1=" " ind2=" " tag="300"><subfield code="a">XVIII + 636 P</subfield></datafield><datafield ind1="1" ind2=" " tag="700"><subfield code="a">Nooijen, Bob Van</subfield><subfield code="e">Ed</subfield></datafield><datafield ind1=" " ind2=" " tag="852"><subfield code="a">37660</subfield><subfield code="c">539.16</subfield></datafield><datafield ind1=" " ind2=" " tag="CAT"><subfield code="a">Sys</subfield><subfield code="c">20120515</subfield><subfield code="h">131633</subfield></datafield></record></collection>